@book{algobook,
  title     = "Algorithms",
  author    = "Jeff Erickson"
  
}