%% This BibTeX bibliography file was created using BibDesk.
%% https://bibdesk.sourceforge.io/

%% Created for 张桄玮 at 2023-02-23 14:44:05 +0800 


%% Saved with string encoding Unicode (UTF-8) 



@misc{why-important-cnf-dnf,
	author = {MJD (https://math.stackexchange.com/users/25554/mjd)},
	eprint = {https://math.stackexchange.com/q/4227598},
	howpublished = {Mathematics Stack Exchange},
	note = {URL:https://math.stackexchange.com/q/4227598 (version: 2021-08-18)},
	title = {For CNF and DNF why do we look at the interpretations that make the formula false and true respectively?},
	url = {https://math.stackexchange.com/q/4227598},
	bdsk-url-1 = {https://math.stackexchange.com/q/4227598}}
